<?xml version="1.0" encoding="UTF-8"?><collection xmlns="http://www.loc.gov/MARC21/slim"><record><leader>00385nam--2200121-i-4500</leader><controlfield tag="001">000041170</controlfield><controlfield tag="002">20161230</controlfield><controlfield tag="005">20161230201043</controlfield><controlfield tag="008">060222s1000------------r-----000-0-eng-d</controlfield><datafield ind1=" " ind2=" " tag="100"><subfield code="a">Seeliger, Rudolf</subfield></datafield><datafield ind1=" " ind2=" " tag="245"><subfield code="a">Einfuhrung in die physik der gasentladungen. zweite ... auflage. mit 243 fig.im text und auf 8 tafeln</subfield></datafield><datafield ind1=" " ind2=" " tag="260"><subfield code="a">Leipzig, Johann Ambrosius Barth, 1934, Xii+563p</subfield></datafield><datafield ind1=" " ind2=" " tag="852"><subfield code="a">1247</subfield></datafield></record></collection>